@ONLINE{ntsb,
author = {Hall, Jim},
organization = {National Transportation Safety Board},
title = {Testimony of Jim Hall},
month = oct,
year = {1999},
url = {http://www.ntsb.gov/news/speeches/hall/jhc991007.htm}
}

@ONLINE{aco,
author = {Dorigo, Marco},
organization = {Politecnico di Milano},
title = {Distributed Optimization by Ant Colonies},
year = {1992},
url = {ftp://iridia.ulb.ac.be/pub/mdorigo/conferences/IC.06-ECAL92.pdf}
}

@ONLINE{imo,
organization = {The International Maritime Organisation},
title = {Sub-Committee on Ship Design and Equipment (DE)},
month = feb,
year = {2006},
url = {http://www.imo.org/blast/mainframe.asp?topic_id=107&doc_id=6173}
}

@ONLINE{total,
organization = {The International Maritime Organisation},
title = {INTERIM GUIDELINES FOR EVACUATION ANALYSES FOR NEW AND EXISTING PASSENGER SHIPS},
month = jun,
year = {2002},
url = {http://www.imo.org/blast/blastDataHelper.asp?data_id=5333&filename=1033.pdf}
}